@article{falcon2000,
author = {Harabagiu, Sanda and Moldovan, Dan and Pasca, Marius and Mihalcea, Rada and Surdeanu, Mihai and Bunescu, Razvan and Girju, Roxana and Rus, Vasile and Morarescu, Paul},
year = {2000},
pages = {479-488},
title = {FALCON: Boosting Knowledge for Answer Engines},
journal = {In Proc. of the 9th Text Retrieval Conference (Trec-9)}
}

@article{lasso2000,
author = {Moldovan, Dan and Harabagiu, A and Mihalcea, Rada and Goodrum, Richard and Rus, Vasile},
year = {1999},
title = {LASSO: A Tool for Surfing the Answer Net},
journal = {In Proc. of the Text Retrieval Conference (TREC-8)}
}

@misc{solr,
  author = {The Apache Software Foundation},
  title = {Apache SOLR},
  year = 2021,
  howpublished = {\url{https://solr.apache.org/}},
  note = {Accessed: 2021-11-07}
}

@book{nltk,
  title={Natural language processing with Python: analyzing text with the natural language toolkit},
  author={Bird, Steven and Klein, Ewan and Loper, Edward},
  year={2009},
  howpublished = {\url{https://www.nltk.org/}},
  note = {Accessed: 2021-10-20},
  publisher = {"O'Reilly Media, Inc."}
}

@misc{wordnet,
  author = {Princeton University},
  title = {About WordNet},
  year = 2010,
  howpublished = {\url{https://wordnet.princeton.edu/}},
  note = {Accessed: 2021-10-20}
}

@unpublished{spacy2,
    AUTHOR = {Honnibal, Matthew and Montani, Ines},
    TITLE  = {{spaCy 2}: Natural language understanding with {B}loom embeddings, convolutional neural networks and incremental parsing},
    YEAR   = {2017},
    Note   = {To appear}
}


@inbook{rake1,
author = {Rose, Stuart and Engel, Dave and Cramer, Nick and Cowley, Wendy},
publisher = {John Wiley \& Sons, Ltd},
isbn = {9780470689646},
title = {Automatic Keyword Extraction from Individual Documents},
booktitle = {Text Mining},
chapter = {1},
pages = {1-20},
doi = {https://doi.org/10.1002/9780470689646.ch1},
url = {https://onlinelibrary.wiley.com/doi/abs/10.1002/9780470689646.ch1},
eprint = {https://onlinelibrary.wiley.com/doi/pdf/10.1002/9780470689646.ch1},
year = {2010},
}

@misc{rake2,
  author = {Vishwas B Sharma},
  title = {rake-nltk},
  year = 2018,
  howpublished = {\url{https://csurfer.github.io/rake-nltk/_build/html/index.html}},
  note = {Accessed: 2021-11-07}
}